@article{Barnich1998,
	title        = {{The sh Lie Structure of Poisson Brackets in Field Theory}},
	author       = {Barnich, Glenn and Fulp, R. and Lada, Tom and Stasheff, Jim},
	year         = 1998,
	month        = feb,
	journal      = {Communications in Mathematical Physics},
	volume       = 191,
	number       = 3,
	pages        = {585--601},
	doi          = {10.1007/s002200050278},
	issn         = {0010-3616},
	url          = {http://www.springerlink.com/content/ut90k4haydhem17n/ http://link.springer.com/10.1007/s002200050278 https://arxiv.org/pdf/hep-th/9702176.pdf},
	archiveprefix = {arXiv},
	arxivid      = {hep-th/9702176},
	eprint       = 9702176,
	file         = {:home/tony/.local/share/data/Mendeley Ltd./Mendeley Desktop/Downloaded/Barnich et al. - 1998 - The sh Lie Structure of Poisson Brackets in Field Theory.pdf:pdf;:home/tony/Scaricati/Barnich1998{\_}Article{\_}TheShLieStructureOfPoissonBrac.pdf:pdf},
	keywords     = {Physics and Astronomy},
	primaryclass = {hep-th}
}
@article{Callies2016,
	title        = {{Homotopy moment maps}},
	author       = {Callies, Martin and Fr{\'{e}}gier, Ya{\"{e}}l and Rogers, Christopher L. and Zambon, Marco},
	year         = 2016,
	month        = nov,
	journal      = {Advances in Mathematics},
	volume       = 303,
	pages        = {954--1043},
	doi          = {10.1016/j.aim.2016.08.012},
	issn         = {00018708},
	url          = {http://arxiv.org/abs/1304.2051 https://linkinghub.elsevier.com/retrieve/pii/S0001870816310192},
	archiveprefix = {arXiv},
	arxivid      = {1304.2051},
	eprint       = {1304.2051},
	keywords     = {Equivariant cohomology,Moment map,Multisymplectic geometry,Strong homotopy Lie algebra}
}
@article{Fregier2015,
	title        = {{A cohomological framework for homotopy moment maps}},
	author       = {Fr{\'{e}}gier, Ya{\"{e}}l and Laurent-Gengoux, Camille and Zambon, Marco},
	year         = 2015,
	month        = sep,
	journal      = {J. Geom. Phys.},
	volume       = 97,
	pages        = {119--132},
	doi          = {10.1016/j.geomphys.2015.07.010},
	issn         = {03930440},
	url          = {https://arxiv.org/pdf/1409.3142.pdf http://arxiv.org/abs/1409.3142 http://dx.doi.org/10.1016/j.geomphys.2015.07.010},
	archiveprefix = {arXiv},
	arxivid      = {1409.3142},
	eprint       = {1409.3142},
	keywords     = {Homotopy moment maps,Lie algebras up to homotopy,N-plectic geometry}
}
@article{Lada1993,
	title        = {{Introduction to SH Lie algebras for physicists}},
	author       = {Lada, Tom and Stasheff, Jim},
	year         = 1993,
	month        = jul,
	journal      = {Int. J. Theor. Phys.},
	volume       = 32,
	number       = 7,
	pages        = {1087--1103},
	doi          = {10.1007/BF00671791},
	isbn         = {0700108750},
	issn         = {0020-7748},
	url          = {http://link.springer.com/10.1007/BF00671791 http://arxiv.org/abs/hep-th/9209099 http://dx.doi.org/10.1007/BF00671791},
	archiveprefix = {arXiv},
	arxivid      = {hep-th/9209099},
	eprint       = 9209099,
	primaryclass = {hep-th}
}
@article{Miti2018,
	title        = {{On some (multi)symplectic aspects of link invariants}},
	author       = {Miti, Antonio Michele and Spera, Mauro},
	year         = 2018,
	month        = may,
	journal      = {arXiv:1805.01696},
	url          = {http://arxiv.org/abs/1805.01696},
	archiveprefix = {arXiv},
	arxivid      = {1805.01696},
	eprint       = {1805.01696}
}
@article{Miti2019,
	title        = {{Multisymplectic actions of compact Lie groups on spheres}},
	author       = {Miti, Antonio Michele and Ryvkin, Leonid},
	year         = 2019,
	month        = jun,
	journal      = {(To appear in Journal of Symplectic Geometry), arXiv:1906.08790},
	url          = {http://arxiv.org/abs/1906.08790},
	archiveprefix = {arXiv},
	arxivid      = {1906.08790},
	eprint       = {1906.08790}
}
@article{Miti2019a,
	title        = {{Derivation of the HOMFLYPT knot polynomial via helicity and geometric quantization}},
	author       = {Miti, Antonio Michele and Spera, Mauro},
	year         = 2020,
	month        = aug,
	journal      = {Boll. dell'Unione Mat. Ital.},
	publisher    = {Springer International Publishing},
	doi          = {10.1007/s40574-020-00254-5},
	issn         = {1972-6724},
	url          = {http://link.springer.com/10.1007/s40574-020-00254-5},
	archiveprefix = {arXiv},
	arxivid      = {1910.13400},
	eprint       = {1910.13400},
	keywords     = {Geometric quantization,Hydrodynamics,Knot polynomials,Lagrangian submanifolds,Maslov index,Symplectic geometry}
}
@unpublished{Miti2021,
	title        = {Observables of multisymplectic manifolds and higher Courant algebroids},
	author       = {Miti, Antonio Michele and Zambon, Marco},
	year         = 2021,
	month        = {(expected) Apr},
	journal      = {(Work in Progress)}
}
@article{Rogers2010,
	title        = {{L $\infty$-Algebras from Multisymplectic Geometry}},
	author       = {Rogers, Christopher L.},
	year         = 2012,
	month        = apr,
	journal      = {Letters in Mathematical Physics},
	volume       = 100,
	number       = 1,
	pages        = {29--50},
	doi          = {10.1007/s11005-011-0493-x},
	issn         = {0377-9017},
	url          = {https://arxiv.org/pdf/1005.2230.pdf http://arxiv.org/abs/1005.2230 http://dx.doi.org/10.1007/s11005-011-0493-x http://link.springer.com/10.1007/s11005-011-0493-x http://arxiv.org/abs/1005.2230{\%}0Ahttp://dx.doi.org/10.1007/s11005-011-0493-x},
	archiveprefix = {arXiv},
	arxivid      = {1005.2230},
	eprint       = {1005.2230},
	keywords     = {()}
}
@article{Ryvkin2015,
	title        = {{Existence and unicity of co-moments in multisymplectic geometry}},
	author       = {Ryvkin, Leonid and Wurzbacher, Tilmann},
	year         = 2015,
	month        = aug,
	journal      = {Differ. Geom. its Appl.},
	publisher    = {North-Holland},
	volume       = 41,
	pages        = {1--11},
	doi          = {10.1016/j.difgeo.2015.04.001},
	issn         = {09262245},
	url          = {https://www.sciencedirect.com/science/article/pii/S0926224515000534?via{\%}3Dihub https://www.sciencedirect.com/science/article/pii/S0926224515000534 https://linkinghub.elsevier.com/retrieve/pii/S0926224515000534},
	archiveprefix = {arXiv},
	arxivid      = {arXiv:1411.2287v1},
	eprint       = {arXiv:1411.2287v1},
	keywords     = {Homotopy co-moment,Lie-infinity algebra,Multisymplectic geometry}
}
@article{Ryvkin2016,
	title        = {{Conserved quantities on multisymplectic manifolds}},
	author       = {Ryvkin, Leonid and Wurzbacher, Tilmann and Zambon, Marco},
	year         = 2018,
	month        = dec,
	journal      = {J. Aust. Math. Soc.},
	pages        = {1--25},
	doi          = {10.1017/S1446788718000381},
	issn         = {1446-7887},
	url          = {https://doi.org/10.1017/S1446788718000381 https://www.cambridge.org/core/product/identifier/S1446788718000381/type/journal{\_}article},
	keywords     = {conservation laws,homotopy co-momentum map,multisymplectic manifolds}
}
