@article{Miti2019,
author = {Miti, Antonio Michele and Ryvkin, Leonid},
journal = {Preprint arXiv:1906.08790 (submitted to "Journal of Symplectic geometry")},
month = {jun},
title = {{Multisymplectic actions of compact Lie groups on spheres}},
url = {http://arxiv.org/abs/1906.08790},
year = {2019}
}
@article{Miti2018,
author = {Miti, Antonio Michele and Spera, Mauro},
journal = {Preprint arXiv:1805.01696 (submitted to "Journal of knots theory and ramifications")},
month = {may},
title = {{On some (multi)symplectic aspects of link invariants}},
url = {http://arxiv.org/abs/1805.01696},
year = {2018}
}
@unpublished{Miti2021,
	title        = {Observables of multisymplectic manifolds and higher Courant algebroids},
	author       = {Miti, Antonio Michele and Zambon, Marco},
	year         = 2021,
	month        = {(expected) Apr},
	journal      = {(Work in Progress)}
}

@article{Miti2018,
	title        = {{A hydrodynamical homotopy co-momentum map and a multisymplectic interpretation of higher order linking numbers}},
	author       = {Miti, Antonio Michele and Spera, Mauro},
	year         = 2018,
	month        = may,
	journal      = {(To appear in Journal of the Australian Mathematical Society) arXiv:1805.01696},
	url          = {http://arxiv.org/abs/1805.01696},
	archiveprefix = {arXiv},
	arxivid      = {1805.01696},
	eprint       = {1805.01696}
}
@article{Miti2019,
	title        = {{Multisymplectic actions of compact Lie groups on spheres}},
	author       = {Miti, Antonio Michele and Ryvkin, Leonid},
	year         = 2019,
	month        = jun,
	journal      = {(To appear in Journal of Symplectic Geometry), arXiv:1906.08790},
	url          = {http://arxiv.org/abs/1906.08790},
	archiveprefix = {arXiv},
	arxivid      = {1906.08790},
	eprint       = {1906.08790}
}
